<?xml version="1.0" encoding="UTF-8"?><collection><record><leader>06976ntm a2200625 a 4500</leader><controlfield tag="001">006768782</controlfield><controlfield tag="003">MiAaHDL</controlfield><controlfield tag="005">20190719000000.0</controlfield><controlfield tag="006">m        d        </controlfield><controlfield tag="007">cr bn ---auaua</controlfield><controlfield tag="008">090506q15641565xx            00| ||ara d</controlfield><datafield tag="035" ind1=" " ind2=" "><subfield code="a">(MiU)006768782</subfield></datafield><datafield tag="035" ind1=" " ind2=" "><subfield code="a">sdr-miu006768782</subfield></datafield><datafield tag="040" ind1=" " ind2=" "><subfield code="a">MiU</subfield><subfield code="c">MiU</subfield><subfield code="e">amremm</subfield></datafield><datafield tag="043" ind1=" " ind2=" "><subfield code="a">n-us-mi</subfield></datafield><datafield tag="100" ind1="1" ind2=" "><subfield code="6">880-01</subfield><subfield code="a">Zīlī, Aḥmad ibn Muḥammad,</subfield><subfield code="d">-1600 or 1601.</subfield></datafield><datafield tag="245" ind1="1" ind2="0"><subfield code="6">880-03</subfield><subfield code="a">Ḥall maʻāqid al-Qawāʻid,</subfield><subfield code="f">[972, i.e. 1564 or 1565].</subfield></datafield><datafield tag="246" ind1="3" ind2=" "><subfield code="i">Title from inscription on 'title page' (p.3):</subfield><subfield code="a">حل معاقد شرح قواعد الاعراب</subfield></datafield><datafield tag="246" ind1="3" ind2=" "><subfield code="i">Title from inscription on 'title page' (p.3):</subfield><subfield code="a">قواعد اعراب شرح حل معاقد</subfield></datafield><datafield tag="246" ind1="3" ind2=" "><subfield code="i">Title from inscription on 'title page' (p.3):</subfield><subfield code="a">شرح قواعد الاعراب المسمى بحل المعاقد</subfield></datafield><datafield tag="260" ind1=" " ind2=" "><subfield code="c">[1564 or 1565]</subfield></datafield><datafield tag="300" ind1=" " ind2=" "><subfield code="a">72 leaves :</subfield><subfield code="b">paper ;</subfield><subfield code="c">212 x 160 (149 x 99) mm.</subfield></datafield><datafield tag="500" ind1=" " ind2=" "><subfield code="a">Shelfmark: Ann Arbor, University of Michigan, Special Collections Library, Isl. Ms. 136</subfield></datafield><datafield tag="500" ind1=" " ind2=" "><subfield code="a">Origin: As appears in colophon on p.146, transcription finished 972 [1564 or 5]. Name of copyist has been rendered virtually illegible.</subfield></datafield><datafield tag="500" ind1=" " ind2=" "><subfield code="a">Accompanying materials: Slip with notes and exercises inserted after back flyleaf (paginated pp.149-150).</subfield></datafield><datafield tag="500" ind1=" " ind2=" "><subfield code="a">Former shelfmark: British Museum, London "No. 81. Explanations of Irab an kawaid." ; "٥٩٩" on tail of textblock.</subfield></datafield><datafield tag="500" ind1=" " ind2=" "><subfield code="a">Binding: Limp covers in brown leather (goat?) with spine in tan leather ; Type III binding (without flap) ; linings in laid paper ; sewn in pink [?] thread, two stations ; worked endbands in light blue and cream, headband entirely gone, tailband in fair condition ; overall in fair condition with some abrasion, water damage, etc. ; housed in envelope.</subfield></datafield><datafield tag="500" ind1=" " ind2=" "><subfield code="a">Support: European laid paper with 8-9 laid lines per cm. (vertical) and chain lines spaced 28 mm. apart (horizontal) ; anchor in circle watermark (star above?) ; sturdy, thick and well-burnished.</subfield></datafield><datafield tag="500" ind1=" " ind2=" "><subfield code="a">Decoration: Keywords and notabilia (side-heads) rubricated ; textual divders in the form of inverted commas ; overlining in red.</subfield></datafield><datafield tag="500" ind1=" " ind2=" "><subfield code="a">Script: Naskh with influence of nastaʻlīq (talik) ; virtually serifless ; mainly closed counters ; slight effect of words descending to baseline ; elongation of horizontal strokes.</subfield></datafield><datafield tag="500" ind1=" " ind2=" "><subfield code="a">Layout: Written in 15-17 lines per page ; frame-ruled.</subfield></datafield><datafield tag="500" ind1=" " ind2=" "><subfield code="a">Collation: i, 6V (60), V+1 (71), 1 (72), i ; chiefly quinions ; lacks proper catchwords, but last word of final line on the verso of each leaf is usually repeated at the beginning of the first line on the following recto ; pagination in pencil, Western numerals, supplied during digitization (includes flyleaves and insert following back flyleaf).</subfield></datafield><datafield tag="500" ind1=" " ind2=" "><subfield code="a">Colophon: "Scribal," triangular, reads: "وقد وقع الفراغ من كتابة هذه الاوراق بقدرة العالي الخلاق على يد ... بن مولانا حسين بن محمد المحتاج الى رحمة خالق الخلائق في يوم الميثاق ... سنة ٩٧٢"</subfield></datafield><datafield tag="500" ind1=" " ind2=" "><subfield code="a">Explicit: "ولقد احسن المصنف ... في ربط الخاتمة اذا علق في الفاتحة الاقتفاء جادت الصواب وفي الخاتمة الكافية بالتأمل تأمل هذا اخر ما يتيسر لنا ايراده لحمد الله ومنه"</subfield></datafield><datafield tag="500" ind1=" " ind2=" "><subfield code="a">Incipit: "الحمد لله الذي رفع اسماء العلماء ... وبعد فيقول العبد المحتاج الى ربه الغني ابو الثناء احمد بن محمد الملتجئين الى لطفه الخفي ان المختصر الموسوم بالقواعد للامام الهمام ابن هشان ... لما كان قليل الحجم في المقدار جليل السهم في اثار ... سألني بعض الاخوان في الطريق واخلص الخلان في المضيق عند قراءته على ان اشرحه شرحا يبين التقسيمات في القواعد ويرفع النقاب عن وجوه مخدرات الامثلة والشواهد ... فضممتها في ضمن ذلك العقد القليل حتى كاد يقال انه كتاب لا يحتاج الى المغني بل يشفى العليل وسميته بحل معاقد القواعد ..."</subfield></datafield><datafield tag="500" ind1=" " ind2=" "><subfield code="a">Title from opening on p.6.</subfield></datafield><datafield tag="500" ind1=" " ind2=" "><subfield code="a">Ms. codex.</subfield></datafield><datafield tag="510" ind1="4" ind2=" "><subfield code="a">Ḥājjī Khalīfah. Kashf al-ẓunūn,</subfield><subfield code="c">1/81</subfield></datafield><datafield tag="510" ind1="4" ind2=" "><subfield code="a">Brockelmann, C. GAL,</subfield><subfield code="c">II 24</subfield></datafield><datafield tag="520" ind1="8" ind2=" "><subfield code="a">Fine copy of Shams al-Dīn Abū al-Thanāʼ Aḥmad ibn Muḥammad al-Zīlī al-Shamsī's (d.1600) commentary on Ibn Hishām's (d.1360) grammatical treatise on inflection and the Arabic sentence.</subfield></datafield><datafield tag="538" ind1=" " ind2=" "><subfield code="a">Mode of access: Internet.</subfield></datafield><datafield tag="541" ind1=" " ind2=" "><subfield code="c">Purchase ;</subfield><subfield code="a">Acquired by purchase (funds donated by Horace Rackham).</subfield><subfield code="d">1924.</subfield></datafield><datafield tag="546" ind1=" " ind2=" "><subfield code="a">Arabic.</subfield></datafield><datafield tag="561" ind1=" " ind2=" "><subfield code="a">Bookplate of British Museum, on interior of upper cover, "British Museum, London. No. 81. Explanations of Irab an kawaid." ; circular seal impression with figure of goat/gazelle in purple ink as well as inscription "410" in Western numerals on 'title page' (p.3) ; circular waqf-seal impression in black ink appears on ’title page’ (p.3) and several places throughout, reads: "هذا وقف الراجي فيض الصمدي الشيخ احمد ضيا الدين ابن مصطفى الخالدي فمن بدله بعد ما سمعه فانما اثمه على الذين يبدلونه" in name of Aḥmad Ḍiyāʼ al-Dīn ibn Muṣṭafá al-Khālidī (i.e. Ahmed Ziyâüddîn Gümüşhanevî, d. 1893 or 4) ; ownership statement on 'title page' (p.3) reads "من كتب الفقير عبد الله بن محمد سعيد" ; oval seal impression in black ink on p.5 "السيد احمد" ; ownership statement below colophon on p.146 reads "صاحبه ومالكه عثمان بن مصطفى بن بر احمد ده ده" (scribal verses in same hand) ; numerous marginal and interlinear glosses and corrections ; notabilia (side-heads) appear throughout ; kabīkaj invocation "يا كبيكج" on 'title page' (p.3).</subfield></datafield><datafield tag="600" ind1="1" ind2="0"><subfield code="a">Ibn Hishām, ʻAbd Allāh ibn Yūsuf,</subfield><subfield code="d">1309-1360.</subfield><subfield code="t">Iʻrāb ʻan qawāʻid al-iʻrāb.</subfield></datafield><datafield tag="650" ind1=" " ind2="0"><subfield code="a">Manuscripts, Arabic</subfield><subfield code="z">Michigan</subfield><subfield code="z">Ann Arbor.</subfield></datafield><datafield tag="650" ind1=" " ind2="0"><subfield code="a">Arabic language</subfield><subfield code="x">Grammar</subfield><subfield code="v">Early works to 1800.</subfield></datafield><datafield tag="650" ind1=" " ind2="0"><subfield code="a">Arabic language</subfield><subfield code="x">Inflection</subfield><subfield code="v">Early works to 1800.</subfield></datafield><datafield tag="700" ind1="0" ind2=" "><subfield code="6">880-06</subfield><subfield code="a">Osman Mustafa bin Pir Ahmet Dede,</subfield><subfield code="e">former owner.</subfield></datafield><datafield tag="700" ind1="0" ind2=" "><subfield code="6">880-05</subfield><subfield code="a">Abdullah bin Mehmet Sait,</subfield><subfield code="e">former owner.</subfield></datafield><datafield tag="773" ind1="0" ind2=" "><subfield code="a">Tiflis Collection.</subfield></datafield><datafield tag="880" ind1="0" ind2=" "><subfield code="6">700-06/</subfield><subfield code="a">عثمان بن مصطفى بن پير احمد ده ده,</subfield><subfield code="e">مالك سابق.</subfield></datafield><datafield tag="880" ind1="0" ind2=" "><subfield code="6">700-05/</subfield><subfield code="a">عبد الله بن محمد سعيد,</subfield><subfield code="e">مالك سابق.</subfield></datafield><datafield tag="880" ind1="1" ind2="0"><subfield code="6">245-03/</subfield><subfield code="a">حل معاقد القواعد,</subfield><subfield code="f">[972ه, 1564 أو 1565م].</subfield></datafield><datafield tag="880" ind1="1" ind2=" "><subfield code="6">100-01/</subfield><subfield code="a">زيلي، احمد بن محمد.</subfield></datafield><datafield tag="CID" ind1=" " ind2=" "><subfield code="a">006768782</subfield></datafield><datafield tag="DAT" ind1="0" ind2=" "><subfield code="a">20190719102635.0</subfield><subfield code="b">20190719000000.0</subfield></datafield><datafield tag="DAT" ind1="1" ind2=" "><subfield code="a">20190719090653.0</subfield><subfield code="b">2019-07-19T16:11:22Z</subfield></datafield><datafield tag="DAT" ind1="2" ind2=" "><subfield code="a">2015-10-02T18:00:03Z</subfield></datafield><datafield tag="CAT" ind1=" " ind2=" "><subfield code="a">SDR-MIU</subfield><subfield code="d">EX LIBRIS - ALEPH</subfield><subfield code="l">prepare.pl-004-008</subfield></datafield><datafield tag="FMT" ind1=" " ind2=" "><subfield code="a">BK</subfield></datafield><datafield tag="HOL" ind1=" " ind2=" "><subfield code="0">sdr-miu006768782</subfield><subfield code="a">MiU</subfield><subfield code="b">SDR</subfield><subfield code="c">MIU</subfield><subfield code="p">mdp.39015079125152</subfield><subfield code="s">MIU</subfield><subfield code="1">006768782</subfield></datafield><datafield tag="974" ind1=" " ind2=" "><subfield code="b">MIU</subfield><subfield code="c">MIU</subfield><subfield code="d">20190719</subfield><subfield code="s">lit-dlps-dc</subfield><subfield code="u">mdp.39015079125152</subfield><subfield code="y">1565</subfield><subfield code="r">pd</subfield><subfield code="q">bib</subfield><subfield code="t">non-US bib date2 &lt; 1896</subfield></datafield></record></collection>